<record><leader>00000cas a22000007a 4500</leader><controlfield tag="001">11253720</controlfield><controlfield tag="008">841011d18731uuuiauwr ne      0    0eng d</controlfield><datafield ind1=" " ind2=" " tag="010"><subfield code="a">sn 84038297 </subfield></datafield><datafield ind1=" " ind2=" " tag="040"><subfield code="a">NPX</subfield><subfield code="b">eng</subfield><subfield code="c">NPX</subfield><subfield code="d">INP</subfield><subfield code="d">NVF</subfield><subfield code="d">OCLCQ</subfield><subfield code="d">OCLCF</subfield><subfield code="d">OCLCO</subfield></datafield><datafield ind1="1" ind2=" " tag="029"><subfield code="a">AU@</subfield><subfield code="b">000020340475</subfield></datafield><datafield ind1=" " ind2=" " tag="042"><subfield code="a">msc</subfield></datafield><datafield ind1=" " ind2=" " tag="043"><subfield code="a">n-us-ia</subfield></datafield><datafield ind1="0" ind2=" " tag="130"><subfield code="a">Lineville tribune (Lineville, Iowa : 1873)</subfield></datafield><datafield ind1="1" ind2="4" tag="245"><subfield code="a">The Lineville tribune.</subfield></datafield><datafield ind1=" " ind2=" " tag="260"><subfield code="a">Lineville, Iowa :</subfield><subfield code="b">C.W. Bolster &amp; Co.,</subfield><subfield code="c">1873-</subfield></datafield><datafield ind1=" " ind2=" " tag="300"><subfield code="a">v.</subfield></datafield><datafield ind1=" " ind2=" " tag="310"><subfield code="a">Weekly</subfield></datafield><datafield ind1="0" ind2=" " tag="362"><subfield code="a">Vol. 1, no. 1 (Sept. 6, 1873)-</subfield></datafield><datafield ind1=" " ind2=" " tag="500"><subfield code="a">Editor: Charles H. Austin, &lt;1876&gt;.</subfield></datafield><datafield ind1=" " ind2="0" tag="651"><subfield code="a">Lineville (Iowa)</subfield><subfield code="v">Newspapers.</subfield></datafield><datafield ind1=" " ind2="7" tag="655"><subfield code="a">Newspapers.</subfield><subfield code="2">fast</subfield><subfield code="0">(OCoLC)fst01423814</subfield></datafield><datafield ind1=" " ind2="7" tag="651"><subfield code="a">Iowa</subfield><subfield code="z">Lineville.</subfield><subfield code="2">fast</subfield><subfield code="0">(OCoLC)fst01261719</subfield></datafield><datafield ind1=" " ind2=" " tag="752"><subfield code="a">United States</subfield><subfield code="b">Iowa</subfield><subfield code="c">Wayne</subfield><subfield code="d">Lineville.</subfield></datafield><datafield ind1="0" ind2="0" tag="785"><subfield code="t">Tribune (Lineville, Iowa)</subfield><subfield code="w">(DLC)sn 87057280</subfield></datafield></record>